@book{distributedsystems,
    author    = "M. van Steen and A.S. Tanenbaum",
    title     = "Distributed Systems, 3rd ed",
    year      = "2017",
    publisher = "distributed-systems.net"
}

@manual{https,
    title     = "HTTP Over TLS",
    address   = "https://tools.ietf.org/html/rfc2818"
}

@misc{oss,
    title        = "OctaSpace specifications",
    howpublished = "https://github.com/octaspace-project/OSSs"
}
